@inproceedings{zhu2023loghub,
  title         ={Loghub: A large collection of system log datasets for ai-driven log analytics},
  author        ={Zhu, Jieming and He, Shilin and He, Pinjia and others},
  booktitle     ={2023 IEEE 34th International Symposium on Software Reliability Engineering (ISSRE)},
  pages         ={355--366},
  year          ={2023},
  organization  ={IEEE}
}
